% Encoding: UTF8

@online{8principles2007,
  title = {8 principles of open government data},
  date = {2007-12-07/2007-12-08},
  url = {https://public.resource.org/8_principles.html},
  urldate = {2017-02-15}
}

@online{AccessInfoEurope2011,
  title = {Beyond access},
  subtitle = {Open government data \& the right to (re)use public information},
  author = {{Access Info Europe} and {Open Knowledge Foundation}},
  date = {2011-01-07},
  urldate = {2017-01-03},
  url = {http://www.access-info.org/documents/Access_Docs/Advancing/Beyond_Access_7_January_2011_web.pdf}
}

@inproceedings{Agarwal2005,
  author = {Agarwal, Sudhir and Lamparter, Steffen},
  title = {{SMART}},
  subtitle = {A semantic matchmaking portal for electronic markets},
  booktitle = {Proceedings of the 7\textsuperscript{th} {IEEE} Conference on E-Commerce Technology},
  eventdate = {2005-07-19/2005-07-22},
  address = {Los Alamitos (CA)},
  publisher = {IEEE},
  pages = {405--408},
  isbn = {0-7695-2277-7},
  doi = {10.1109/ICECT.2005.84}
}

@inproceedings{Akoka2007,
  author = {Akoka, Jacky and Berti-Équille, Laure and Boucelma, Omar and Bouzeghoub, Mokrane and Comyn-Wattiau, Isabelle and Cosquer, Mireille and Goasdoué-Thion, Virginie and Kedad, Zoubida and Nugier, Sylvaine and Peralta, Verónika and Sisaid-Cherfi, Samira},
  title = {A framework for data quality evaluation in data integration systems},
  booktitle = {9\textsuperscript{th} International Conference on Enterprise Information Systems},
  location = {Madeira},
  pages = {170--175},
  url = {http://l1.lamsade.dauphine.fr/scripts/FILES/publi1091.pdf}
}

@inproceedings{AlvarezRodriguez2011,
  author = {Alvarez-Rodríguez, Jose María and Labra Gayo, José Emilio and Calmeau, Ramón and Marín, Ángel and Marín, Jose Luis},
  title = {Innovative services to ease the access to the public procurement notices using linking open data and advanced methods based on semantics},
  booktitle = {Proceedings of the 5\textsuperscript{th} International Conference on Methodologies and Tools enabling e-Government},
  year = {2011},
  url = {http://www.josemalvarez.es/web/mypapers/metteg2011.pdf}
}

@article{AlvarezRodriguez2012,
  author = {Alvarez-Rodríguez, Jose María and Labra Gayo, José Emilio and Cifuentes, Francisco and Alor-Hérnandez, Gilor and Sánchez, Cuauhtémoc and Guzmán Luna, Jaime Alberto},
  title = {Towards a pan-European e-procurement platform to aggregate, publish and search public procurement notices powered by linked open data},
  subtitle = {The {MOLDEAS} approach},
  journal = {International Journal of Software Engineering and Knowledge Engineering},
  year = {2012},
  volume = {22},
  number = {3},
  doi = {10.1142/S0218194012400086}
}

@incollection{AlvarezRodriguez2013,
  author = {Alvarez-Rodríguez, Jose María and Labra Gayo, José Emilio and Ordoñez de Pablos, Patricia},
  title = {Enabling the matchmaking of organizations and public procurement notices by means of linked open data},
  editor = {Ordoñez de Pablos, Patricia and Lytras D., Miltiadis and Tennyson D., Robert and Labra Gayo, José Emilio},
  booktitle = {Cases on open-linked data and semantic web applications},
  location = {Hershey (PA)},
  publisher = {{IGI Global}},
  year = {2013},
  pages = {105--131},
  doi = {10.4018/978-1-4666-2827-4.ch006}
}

@article{AlvarezRodriguez2014,
  author = {Alvarez-Rodríguez, Jose María and Labra-Gayo, José Emilio and Ordoñez de Pablos, Patricia},
  title = {New trends on e-Procurement applying semantic technologies},
  subtitle = {Current status and future challenges},
  journal = {Computers in Industry},
  year = {2014},
  volume = {65},
  number = {5},
  pages = {800--820},
  doi = {10.1016/j.compind.2014.04.005}
}

@techreport{Archer2013,
  editor = {Archer, Phil and Meimaris, Marios and Papantoniou, Agisilaos},
  title = {Registered Organization Vocabulary},
  type = {{W3C} Working Group Note},
  date = {2013-08-01},
  urldate = {2017-01-01},
  url = {https://www.w3.org/TR/vocab-regorg}
}

@article{Ayers2007,
  author = {Ayers, Danny},
  title = {Evolving the link},
  journal = {{IEEE} Internet Computing},
  year = {2007},
  volume = {11},
  number = {1},
  pages = {94--96},
  issn = {1089-7801}
}

@book{BaezaYates2011,
  author = {Baeza-Yates, Ricardo A. and Ribeiro-Neto, Berthier},
  title = {Modern information retrieval},
  subtitle = {The concepts and technology behind search},
  edition = {2},
  location = {Boston (MA)},
  publisher = {Addison-Wesley and ACM Press Books},
  year = {2011},
  isbn = {978-0-321-41691-9}
}

@article{Bandiera2009,
  author = {Bandiera, Oriana and Prat, Andrea and Valletti, Tommaso},
  title = {Active and passive waste in government spending},
  subtitle = {Evidence from a policy experiment},
  journal = {American Economic Review},
  year = {2009},
  volume = {99},
  number = {4},
  pages = {1278--1308},
  url = {http://www.econ.upf.edu/docs/seminars/valletti.pdf},
  doi = {10.1257/aer.99.4.1278}
}

@book{Batini2006,
  author = {Batini, Carlo and Scannapieco, Monica},
  title = {Data quality: concepts, methodologies and techniques},
  location = {Berlin and Heidelberg},
  publisher = {Springer}, 
  year = {2006},
  pagetotal = {XIX, 262},
  series = {Data-Centric Systems and Applications},
  isbn = {978-3-540-33173-5}
}

@techreport{Beckett2014,
  author = {Beckett, David and Berners-Lee, Tim and Prud'hommeaux, Eric and Carothers, Gavin},
  title = {{RDF 1.1 Turtle}},
  subtitle = {Terse {RDF} triple language},
  type = {{W3C} Recommendation},
  date = {2014-02-25},
  urldate = {2017-02-17},
  url = {https://www.w3.org/TR/turtle}
}

@book{Beliakov2007,
  author = {Beliakov, Gleb and Pradera, Ana and Calvo, Tomasa},
  title = {Aggregation functions},
  subtitle = {A guide for practitioners},
  location = {Berlin and Heidelberg},
  publisher = {Springer},
  year = {2007},
  isbn = {978-3-540-73720-9}
}

@incollection{Beliakov2015,
  author = {Beliakov, Gleb and Calvo, Tommaso and James, Simon},
  title = {Aggregation functions for recommender systems},
  editor = {Ricci, Francesco and Rokach, Lior and Shapira, Bracha},
  booktitle = {Recommender systems handbook},
  edition = {2},
  location = {Berlin and Heidelberg},
  publisher = {Springer},
  year = {2015},
  pages = {777--808},
  doi = {10.1007/978-1-4899-7637-6_23}
}

@online{BernersLee1996,
  author = {Berners-Lee, Tim},
  title = {Universal Resource Identifiers},
  subtitle = {Axioms of web architecture},
  date = {1996-12-19},
  urldate = {2017-01-01},
  url = {http://www.w3.org/DesignIssues/Axioms.html}
}

@online{BernersLee2009,
  author = {Berners-Lee, Tim},
  title = {Linked data},
  subtitle = {Design issues},
  date = {2009-06-18},
  urldate = {2017-02-16},
  url = {http://www.w3.org/DesignIssues/LinkedData.html}
}

@online{BestPractices2005,
  title = {Best practices in integration of procurement and financial data management},
  location = {Lexington (KY)},
  publisher = {National Electronic Commerce Coordinating Council},
  year = {2005},
  urldate = {2017-01-09},
  url = {http://www.unpcdc.org/media/5280/global%20best%20practice.pdf}
}

@article{Bizer2009,
  author = {Bizer, Christian and Heath, Tom and Berners-Lee, Tim},
  title = {Linked data},
  subtitle = {The story so far},
  journal = {International Journal on Semantic Web and Information Systems},
  year = {2009},
  volume = {5},
  number = {3},
  pages = {1--22},
  url = {http://eprints.soton.ac.uk/271285/1/bizer-heath-berners-lee-ijswis-linked-data.pdf},
  doi = {10.4018/jswis.2009081901}
}

@article{Blanco2013,
  author = {Blanco, Roi and Halpin, Harry and Herzig, Daniel M. and Mika, Peter and Pound, Jeffrey and Thompson, Henry S. and Tran, Thanh},
  title = {Repeatable and reliable semantic search evaluation},
  journal = {Journal of Web Semantics},
  year = {2013},
  volume = {21},
  pages = {14--29},
  url = {http://www.websemanticsjournal.org/index.php/ps/article/download/336/349}
}

@inproceedings{Bleiholder2006,
  author = {Bleiholder, Jens and Naumann, Felix},
  title = {Conflict handling strategies in an integrated information system},
  booktitle = {Proceedings of the {WWW} 2006 Workshop in Information integration on the Web ({IIWEB})},
  year = {2006},
  url = {http://edoc.hu-berlin.de/series/informatik-berichte/197/PDF/197.pdf}
}

@article{Bleiholder2008,
  author = {Bleiholder, Jens and Naumann, Felix},
  title = {Data fusion},
  journal = {{ACM Computing Surveys}},
  year = {2008},
  volume = {41},
  number = {1},
  url = {http://www.bioinf.at/teaching/ss2011/pr-pr5h/data_fusion_a1-bleiholder.pdf},
  doi = {10.1145/1456650.1456651}
}

@inproceedings{Bleiholder2010,
  author = {Bleiholder, Jens and Szott, Sascha and Herschel, Melanie and Kaufer, Frank and Naumann, Felix},
  title = {Subsumption and complementation as data fusion operators},
  booktitle = {Proceedings of the 13\textsuperscript{th} International Conference on Extending Database Technology},
  location = {Lausanne, Switzerland},
  eventdate = {2010-03-22/2010-03-26},
  address = {New York (NY)},
  publisher = {{ACM}},
  year = {2010},
  pages = {513--524},
  url = {http://citeseerx.ist.psu.edu/viewdoc/download?doi=10.1.1.210.1322&rep=rep1&type=pdf},
  doi = {10.1145/1739041.1739103}
}

@inproceedings{Boehm2012,
  author = {Böhm, Christoph and Freitag, Markus and Heise, Arvid and Lehmann, Claudia and Mascher, Andrina and Naumann, Felix},
  title = {{GovWILD}},
  subtitle = {Integrating open government data for transparency},
  booktitle = {Proceedings of the 21\textsuperscript{st} International Conference on World Wide Web},
  location = {Lyon, France},
  eventdate = {2012-04-16/2012-04-20},
  address = {New York (NY)},
  publisher = {{ACM}},
  year = {2012},
  pages = {321--324},
  url = {https://www.fluidops.com/downloads/documents/pubwww2012govwild.pdf},
  doi = {10.1145/2187980.2188039}
}

@incollection{Boncz2014,
  author = {Boncz, Peter and Erling, Orri and Pham, Minh-Duc},
  title = {Advances in large-scale {RDF} data management},
  editor = {Auer, Sören and Bryl, Volha and Tramp, Sebastian},
  booktitle = {Linked open data: creating knowledge out of interlinked data},
  location = {Berlin and Heidelberg},
  publisher = {Springer},
  year = {2014},
  pages = {21--44},
  series = {Lecture Notes in Computer Science},
  volume = {8661},
  isbn = {978-3-319-09845-6},
  doi = {10.1007/978-3-319-09846-3_2}
}

@online{Brickley2002,
  author = {Brickley, Dan},
  title = {{RDF}},
  subtitle = {Understanding the striped {RDF/XML} syntax},
  date = {2002-08-02},
  urldate = {2017-01-13},
  url = {https://www.w3.org/2001/10/stripes}
}

@techreport{Brickley2014,
  editor = {Brickley, Dan and Guha, R.V.},
  title = {{RDF Schema 1.1}},
  type = {{W3C} Recommendation},
  date = {2014-02-25},
  urldate = {2017-02-17},
  url = {https://www.w3.org/TR/rdf-schema}
}

@incollection{Bryl2014,
  author = {Bryl, Volha and Bizer, Christian and Isele, Robert and Verlic, Mateja and Hong, Soon Gill and Jang, Sammy and Yi, Mun Yong and Choi, Key-Sun},
  title = {Interlinking and knowledge fusion},
  editor = {Auer, Sören and Bryl, Volha and Tramp, Sebastian},
  booktitle = {Linked open data: creating knowledge out of interlinked data},
  location = {Berlin and Heidelberg},
  publisher = {Springer},
  year = {2014},
  pages = {70--89},
  series = {Lecture notes in computer science},
  volume = {8861},
  url = {http://link.springer.com/chapter/10.1007/978-3-319-09846-3_4},
  isbn = {978-3-319-09846-3}
}
