% Encoding: UTF8

@article{de2015adapta,
  author = {de Faria Cordeiro, Kelli and Campos, Maria Luiza M. and Borges, Marcos R.S.},
  title = {{aDApTA}},
  subtitle = {Adaptive approach to information integration in dynamic environments},
  journal = {Computers in Industry},
  volume = {71},
  pages = {88--102},
  year = {2015},
  publisher = {Elsevier}
}

@article{MunozSoro2016,
  author = {Muñoz-Soro, José Félix and Esteban, Guillermo and Corcho, Oscar and Serón, Francisco},
  title = {{PPROC}, an ontology for transparency in public procurement},
  journal = {Semantic Web},
  year = {2016},
  volume = {7},
  number = {3},
  pages = {295--309},
  url = {http://semantic-web-journal.org/system/files/swj1142.pdf},
  doi = {10.3233/SW-150195}
}

@techreport{vafopoulos2016linked,
  author = {Vafopoulos, Michalis N. and Vafeiadis, Giorgos and Razis, Gerasimos and Anagnostopoulos, Ioannis and Negkas, Dimitris and Galanos, Lefteris},
  title = {Linked open economy},
  subtitle = {Take full advantage of economic data},
  year = {2016},
  url = {https://ssrn.com/abstract=2732218}
}

@inproceedings{MunozSoro2015,
  author = {Muñoz-Soro, José Félix and Esteban, Guillermo},
  title = {Using the semantic web for the integration and publication of public procurement data},
  editor = {Kö A. and Francesconi E.},
  booktitle = {Electronic government and the information systems perspective},
  booksubtitle = {{EGOVIS} 2015},
  address = {Cham},
  publisher = {Springer},
  year = {2015},
  series = {Lecture notes in computer science},
  volume = {9265},
  doi = {10.1007/978-3-319-22389-6_2}
}

@techreport{gayolinked,
  author = {Gayo, Jose Emilio Labra},
  title = {Linked data validation and quality},
  organization = {European Public Sector Information Platform},
  month = {November},
  year = {2015},
  number = {2015/09},
  url = {https://www.europeandataportal.eu/sites/default/files/2015_linked_data_validation_and_quality.pdf}
}

@article{kleedorfer2017agreements,
  author = {Kleedorfer, Florian and Friedrich, Heiko and Huemer, Christian},
  title = {Agreements in a de-centralized linked data based messaging system},
  year = {2017}
}

@phdthesis{starkaanalysis,
  author = {Stárka, Jakub},
  title = {Analysis of real-world data and their exploitation},
  year = {2013},
  school = {Charles University in Prague. Faculty of Mathematics and Physics. Department of Software Engineering},
  note = {Thesis supervisor: Irena Holubová}
}

@phdthesis{owusu2016evaluating,
  author = {Owusu-Banahene, Wiafe},
  title = {Evaluating different options of integrating linked open data into standard geospatial web services for thematic mapping},
  year = {2016}
}

@inproceedings{sorocontribuciones,
  author = {Muñoz-Soro, José Félix and Bernal Blay, Miguel Angel},
  title = {Contribuciones de la web semántica a la transparencia en la contratación pública},
  subtitle = {La ontología {PPROC}},
  booktitle = {Congreso Derecho {TICs} - {SICARM} 2014},
  booksubtitle = {Innovación, tecnología y gestión avanzada de la información administrativa. Implicaciones jurídicas del cambio de paradigma},
  location = {Murcia},
  year = {2014},
  url = {http://contsem.iasoft.es/wp-content/uploads/2014/10/articuloPPROC.pdf}
}

@article{Necasky2014,
  author = {Nečaský, Martin and Klímek, Jakub and Mynarz, Jindřich and Knap, Tomáš and Svátek, Vojtěch and Stárka, Jakub},
  title = {Linked data support for filing public contracts},
  journal = {Computers in Industry},
  month = {January},
  year = {2014},
  url = {http://dx.doi.org/10.1016/j.compind.2013.12.006},
  issn = {0166-3615}
}

@article{mynarz2010polythematic,
  author = {Mynarz, Jindřich and Kamrádková, Kateřina and Kožuchová, Kristýna},
  title = {Polythematic Structured Subject Heading System \& Creative Commons},
  journal = {Grey Journal},
  volume = {6},
  number = {3},
  year = {2010}
}

@inproceedings{mynarz2011integration,
  author = {Mynarz, Jindřich and Škuta, Ctibor},
  title = {Integration of automatic indexing system within the document flow in grey literature repository},
  booktitle = {12\textsuperscript{th} International Conference on Grey Literature},
  booksubtitle = {Transparency in grey literature: grey tech approaches to high tech issues},
  eventdate = {2010-12-06/2010-12-07},
  location = {Prague, Czech Republic},
  pages = {65--71},
  year = {2011}
}

@article{kuvcera2012czech,
  author = {Kučera, Jan and Chlapek, Dušan and Mynarz, Jindřich},
  title = {Czech {CKAN} repository as case study in public sector data cataloging},
  journal = {Systémová integrace},
  volume = {19},
  number = {2},
  pages = {95--107},
  year = {2012}
}

@inproceedings{mynarz2013towards,
  author = {Mynarz, Jindřich and Svátek, Vojtěch},
  title = {Towards a benchmark for {LOD}-enhanced knowledge discovery from structured data},
  booktitle = {{KNOW@LOD}},
  pages = {41--48},
  year = {2013}
}

@inproceedings{mynarz2011modelling,
  author = {Mynarz, Jindřich and Cyganiak, Richard and Hausenblas, Michael and Iqbal, Aftab},
  title = {Modelling of statistical linked data},
  booktitle = {Proceedings of {Z}nalosti 2011},
  year = {2011}
}

@article{hladka2012experience,
  author = {Hladká, Jitka and Mynarz, Jindřich and Sklenák, Vilém},
  title = {Experience with transformation of bibliographic data into linked data},
  journal = {Journal of Systems Integration},
  volume = {3},
  number = {1},
  pages = {54},
  year = {2012}
}

@inproceedings{mynarz2014validator,
  author = {Mynarz, Jindřich},
  title = {Validator and preview for the {JobPosting} data model of {S}chema.org},
  booktitle = {International Conference on Electronic Commerce and Web Technologies},
  pages = {58--63},
  year = {2014},
  publisher = {Springer},
  address = {Cham}
}

@inproceedings{dudavs2014exploiting,
  title = {Exploiting {Freebase} to obtain {GoodRelations}-based product ontologies},
  author = {Dudáš, Marek and Zamazal, Ondřej and Mynarz, Jindřich and Svátek, Vojtěch},
  booktitle = {International Conference on Electronic Commerce and Web Technologies},
  pages = {34--45},
  year = {2014},
  publisher = {Springer},
  address = {Cham}
}

@book{lod2book,
  editor = {Auer, Sören and Bryl, Volha and Tramp, Sebastian},
  booktitle = {Linked open data: creating knowledge out of interlinked data},
  address = {Berlin and Heidelberg},
  publisher = {Springer},
  year = {2014},
  series = {Lecture Notes in Computer Science},
  volume = {8661},
  isbn = {978-3-319-09845-6},
  doi = {10.1007/978-3-319-09846-3_2}
}

@incollection{Svatek2014,
  author = {Svátek, Vojtěch and Mynarz, Jindřich and Węcel, Krzysztof and Klímek, Jakub and Knap, Tomáš and Nečaský, Martin},
  title = {Linked open data for public procurement},
  crossref = {lod2book},
  pages = {196--213},
  url = {http://link.springer.com/chapter/10.1007/978-3-319-09846-3_10}
}

@inproceedings{Michelfeit2014a,
  author = {Michelfeit, Jan and Mynarz, Jindřich},
  title = {New directions in linked data fusion},
  editor = {Horridge, Matthew and Rospocher, Marco and van Ossenbruggen, Jacco},
  booktitle = {Proceedings of the {ISWC} 2014 Posters \& Demonstrations Track},
  address = {Aachen},
  publisher = {{RWTH} Aachen University},
  year = {2014},
  pages = {397--400},
  series = {{CEUR} workshop proceedings},
  volume = {1272},
  url = {http://ceur-ws.org/Vol-1272/paper_119.pdf}
}

@article{Mynarz2014c,
  author = {Mynarz, Jindřich},
  title = {Integration of public procurement data using linked data},
  journal = {Journal of Systems Integration},
  year = {2014},
  volume = {5},
  number = {4},
  pages = {19--31},
  url = {http://www.si-journal.org/index.php/JSI/article/viewFile/213/158},
  issn = {1804-2724}
}

@inproceedings{dudavs2015dataset,
  author = {Dudáš, Marek and Svátek, Vojtěch and Mynarz, Jindřich},
  title = {Dataset summary visualization with {LODSight}},
  editor= {Gandon, Fabien and Guéret, Christophe and Villata, Serena and Breslin, John and Faron-Zucker, Catherine and Zimmermann, Antoine},
  booktitle = {The Semantic Web: {ESWC} 2015 Satellite Events. Revised Selected Papers},
  location = {Portorož, Slovenia},
  eventdate = {2015-05-31/2015-06-04},
  pages = {36--40},
  year = {2015},
  publisher = {Springer},
  address = {Cham},
  isbn = {978-3-319-25639-9}
}

@inproceedings{Mynarz2015,
  author = {Mynarz, Jindřich and Svátek, Vojtěch and Di Noia, Tommaso},
  title = {Matchmaking public procurement linked open data},
  editor = {Debruyne, Christophe and Panetto, Hervé and Meersman, Robert and Dillon, Tharam and Weichart, Georg and An, Yuan and Ardagna, Claudio Agostino},
  booktitle = {Proceedings of {On the Move to Meaningful Internet Systems}},
  booksubtitle = {{OTM} 2015 Conferences},
  address = {Berlin and Heidelberg},
  publisher = {Springer},
  year = {2015},
  pages = {405--422},
  series = {Information Systems and Applications, incl. Internet/{Web}, and {HCI}},
  volume = {9415},
  url = {http://link.springer.com/chapter/10.1007%2F978-3-319-26148-5_27},
  isbn = {978-3-319-26148-5}
}

@inproceedings{mynarz2016modeling,
  author = {Mynarz, Jindřich and Svátek, Vojtěch and Karampatakis, Sotirios and Klímek, Jakub and Bratsas, Charalampos},
  title = {Modeling fiscal data with the {Data Cube Vocabulary}},
  booktitle = {{SEMANTiCS} (Posters, Demos, {SuCCESS})},
  year = {2016}
}

@inproceedings{svatek2014linked,
  author = {Svátek, Vojtěch and Mynarz, Jindřich and Paulheim, Heiko},
  title = {The linked data mining challenge 2014},
  subtitle = {Results and experiences},
  editor = {Völker, Johanna and Paulheim, Heiko and Lehmann, Jens and Sack, Harald and Svátek, Vojtěch},
  booktitle = {Proceedings of the 3\textsuperscript{rd} Workshop on Knowledge Discovery and Data Mining Meets Linked Open Data co-located with the 11\textsuperscript{th} Extended Semantic Web Conference},
  location = {Crete, Greece},
  eventdate = {2014-05-25},
  publisher = {{RWTH} Aachen University},
  year = {2014},
  series = {{CEUR} workshop proceedings},
  volume = {1243},
  url = {http://ceur-ws.org/Vol-1243/paper6.pdf}
}

@inproceedings{svatek2013linked,
  author = {Svátek, Vojtech and Mynarz, Jindřich and Berka, Petr},
  title = {Linked data mining challenge ({LDMC}) 2013 summary},
  editor = {d'Amato, Claudia and Berka, Petr and Svátek, Vojtěch and Węcel, Krzysztof},
  booktitle = {Proceedings of the {I}nternational {W}orkshop on {D}ata {M}ining on {L}inked {D}ata, with {L}inked {D}ata {M}ining {C}hallenge, collocated with the {E}uropean {C}onference on {M}achine {L}earning and {P}rinciples and {P}ractice of {K}nowledge {D}iscovery in {D}atabases},
  location = {Prague, Czech Republic},
  eventdate = {2013-09-23},
  publisher = {{RWTH} Aachen University},
  year = {2013},
  pages = {35--44},
  series = {{CEUR} workshop proceedings},
  volume = {1082},
  url = {http://ceur-ws.org/Vol-1082/paper6.pdf}
}

@inproceedings{schaible2016termpicker,
  author = {Schaible, Johann and Gottron, Thomas and Scherp, Ansgar},
  title = {{TermPicker}},
  subtitle = {Enabling the reuse of vocabulary terms by exploiting data from the Linked Open Data cloud},
  booktitle = {International Semantic Web Conference},
  publisher = {Springer},
  year = {2016},
  pages = {101--117}
}

@inproceedings{gottron2016ellis,
  author = {Gottron, Thomas and Knauf, Malte and Scherp, Ansgar and Schaible, Johann},
  title = {{ELLIS}},
  subtitle = {Interactive exploration of linked data on the level of induced schema patterns},
  booktitle = {International Workshop on Summarizing and Presenting Entities and Ontologies ({SumPre})},
  location = {Crete, Greece},
  year = {2016},
  url = {http://km.aifb.kit.edu/ws/sumpre2016/paper_1.pdf}
}

@article{troullinou2017ontology,
  author = {Troullinou, Georgia and Kondylakis, Haridimos and Daskalaki, Evangelia and Plexousakis, Dimitris},
  title = {Ontology understanding without tears},
  subtitle = {The summarization approach},
  journal = {Semantic Web},
  publisher = {{IOS} Press},
  year = {2017},
  pages={1--19}
}

@inproceedings{florenzano122016visual,
  author = {Florenzano, Fernando and Parra, Denis and Reutter, Juan L. and Venegas, Freddie},
  title = {A visual aide for understanding endpoint data},
  editor = {Ivanova, Valentina and Lambrix, Patrick and Lohmann, Steffen and Pesquita, Catia},
  booktitle = {Visualization and interaction for ontologies and linked data ({VOILA}! 2016)},
  location = {Kobe, Japan},
  eventdate = {2016-10-17},
  publisher = {{RWTH} Aachen University},
  year = {2016},
  pages = {102--113},
  series = {{CEUR} workshop proceedings},
  volume = {1704},
  url = {http://ceur-ws.org/Vol-1704/paper9.pdf}
}

@inproceedings{hartig2017semantic,
  author = {Hartig, Olaf and Curé, Olivier},
  title = {Semantic data management in practice},
  booktitle = {Proceedings of the 26\textsuperscript{th} International Conference on World Wide Web},
  publisher = {International World Wide Web Conferences Steering Committee},
  year = {2017},
  pages = {901--904}
}

@phdthesis{schaible2017termpicker,
  author = {Schaible, Johann},
  title = {{TermPicker}},
  subtitle = {Recommending vocabulary terms for reuse when modeling linked open data},
  year = {2017},
  school = {Christian-Albrechts Universität Kiel}
}

@inproceedings{dudavs2015discovering,
  author = {Dudáš, Marek and Svátek, Vojtěch},
  title = {Discovering issues in datasets using {LODSight} visual summaries},
  editor = {Ivanova, Valentina and Lambrix, Patrick and Lohmann, Steffen and Pesquita, Catia},
  booktitle = {Proceedings of the International Workshop on Visualizations and User Interfaces for Ontologies and Linked Data, co-located with 14\textsuperscript{th} International Semantic Web Conference},
  location = {Bethlehem (PA)},
  eventdate = {2015-10-11},
  publisher = {{RWTH} Aachen University},
  year = {2015},
  series = {{CEUR} workshop proceedings},
  volume = {1456},
  url = {http://ceur-ws.org/Vol-1456/paper8.pdf}
}

@article{florenzano122016interactive,
  author = {Florenzano, Fernando and Parra, Denis and Reutter, Juan and Venegas, Freddie},
  title = {An interactive visualisation for {RDF} data},
  year = {2016}
}

@inproceedings{dudavsontology,
  author = {Dudáš, Marek and Svátek, Vojtěch},
  title = {Ontology reuse decision support},
  subtitle = {Visualize the ontology or its usage?},
  editor = {Ivanova, Valentina and Lambrix, Patrick and Lohmann, Steffen and Pesquita, Catia},
  booktitle = {Proceedings of the Third International Workshop on Visualization and Interaction for Ontologies and Linked Data co-located with the 16\textsuperscript{th} International Semantic Web Conference},
  eventdate = {2017-10-22},
  publisher = {{RWTH} Aachen University},
  year = {2017},
  series = {{CEUR} workshop proceedings},
  volume = {1947},
  url = {http://ceur-ws.org/Vol-1947/paper02.pdf}
}

@inproceedings{pappas2017exploring,
  author = {Pappas, Alexandros and Troullinou, Georgia and Roussakis, Giannis and Kondylakis, Haridimos and Plexousakis, Dimitris},
  title = {Exploring importance measures for summarizing {RDF/S KBs}},
  booktitle = {European Semantic Web Conference},
  publisher = {Springer},
  year = {2017},
  pages = {387--403}
}

@article{ristoski2015mining,
  author = {Ristoski, Petar and Bizer, Christian and Paulheim, Heiko},
  title = {Mining the web of linked data with {RapidMiner}},
  journal = {Web Semantics: Science, Services and Agents on the {World Wide Web}},
  publisher = {Elsevier},
  year = {2015},
  volume = {35},
  pages = {142--151}
}

@article{ristoski2016semantic,
  author = {Ristoski, Petar and Paulheim, Heiko},
  title = {Semantic Web in data mining and knowledge discovery},
  subtitle = {A comprehensive survey},
  journal = {Web semantics: science, services and agents on the {World Wide Web}},
  publisher = {Elsevier},
  year = {2016},
  volume = {36},
  pages = {1--22}
}

@inproceedings{ristoski2014comparison,
  author = {Ristoski, Petar and Paulheim, Heiko},
  title = {A comparison of propositionalization strategies for creating features from linked open data},
  booktitle = {Linked data for knowledge discovery},
  volume = {6},
  year = {2014}
}

@inproceedings{ristoski2016rdf2vec,
  author = {Ristoski, Petar and Paulheim, Heiko},
  title = {{RDF}2vec},
  subtitle = {{RDF} graph embeddings for data mining},
  booktitle = {International Semantic Web Conference},
  publisher = {Springer},
  year = {2016},
  pages = {498--514}
}

@inproceedings{ristoski2015towards,
  author = {Ristoski, Petar},
  title = {Towards linked open data enabled data mining},
  booktitle = {European Semantic Web Conference},
  publisher = {Springer},
  year = {2015},
  pages = {772--782}
}

@inproceedings{cochez2017biased,
  author = {Cochez, Michael and Ristoski, Petar and Ponzetto, Simone Paolo and Paulheim, Heiko},
  title = {Biased graph walks for {RDF} graph embeddings},
  booktitle = {Proceedings of the 7\textsuperscript{th} International Conference on Web Intelligence, Mining and Semantics},
  location = {Amantea, Italy},
  eventdate = {2017-06-19/2017-06-22},
  publisher = {{ACM}},
  address = {New York ({NY})},
  year = {2017},
  isbn = {978-1-4503-5225-3},
  doi = {10.1145/3102254.3102279}
}

@inproceedings{mountantonakis2017linked,
  author = {Mountantonakis, Michalis and Tzitzikas, Yannis},
  title = {How linked data can aid machine learning-based tasks},
  booktitle = {International Conference on Theory and Practice of Digital Libraries},
  publisher = {Springer},
  year = {2017},
  pages = {155--168}
}

@mastersthesis{pvrihoda2017distribuovany,
  author = {Příhoda, David},
  title = {Distribuovaný převod RDF dat do relačního modelu},
  address = {Praha},
  school = {České vysoké učení technické v Praze},
  year = {2017},
  note = {Thesis supervisor: Ivo Lašek}
}

@inproceedings{kuvcera2013open,
  author = {Kučera, Jan and Chlapek, Dušan and Nečaský, Martin},
  title = {Open government data catalogs: Current approaches and quality perspective},
  booktitle = {International Conference on Electronic Government and the Information Systems Perspective},
  publisher = {Springer},
  year = {2013},
  pages = {152--166}
}

@article{amorim2016comparison,
  author = {Amorim, Ricardo Carvalho and Castro, João Aguiar and da Silva, João Rocha and Ribeiro, Cristina},
  title = {A comparison of research data management platforms},
  subtitle = {Architecture, flexible metadata and interoperability},
  journal = {Universal Access in the Information Society},
  publisher = {Springer},
  pages = {1--12},
  year = {2016}
}

@article{varitimou2015towards,
  author = {Varitimou, Anastasia and Loutas, Nikolaos and Peristeras, Vassilios},
  title = {Towards linked open business registers},
  subtitle = {The application of the {R}egistered {O}rganization {V}ocabulary in {G}reece},
  journal = {International Journal on Semantic Web and Information Systems},
  publisher = {{IGI} {G}lobal},
  year = {2015},
  volume = {11},
  number = {2},
  pages = {66--92}
}

@Inbook{Lopes2015,
  author = {Lopes, Nuno and Stephenson, Martin and Lopez, Vanessa and Tommasi, Pierpaolo and Aonghusa, Pól Mac},
  title = {On-demand integration and linking of open data information},
  editor = {Garoufallou, Emmanouel and Hartley, Richard J. and Gaitanou, Panorea},
  booktitle = {Proceedings of the 9\textsuperscript{th} Research Conference on Metadata and Semantics Research},
  location = {Manchester ({UK})},
  eventdate = {2015-09-09/2015-09-11},
  publisher = {Springer},
  year = {2015},
  address = {Cham},
  pages = {312--323},
  isbn = {978-3-319-24129-6},
  doi = {10.1007/978-3-319-24129-6_27}
}

@phdthesis{da2016usage,
  author = {da Silva, João Miguel Rocha},
  title = {Usage-driven application profile generation using ontologies},
  school = {Faculdade de Engenharia da Universidade do Porto},
  month = {May},
  year = {2016},
  note = {Thesis supervisor: Cristina Ribeiro}
}

@mastersthesis{gomes2017proposta,
  author = {Gomes, Murilo Silveira},
  title = {Proposta de arquitetura para ecossistema de inovação em dados abertos},
  school = {Universidade Federal de Santa Catarina},
  year = {2017},
  note = {Thesis supervisor: Marcelo Macedo}
}

@inproceedings{svatek2015procurement,
  author = {Svátek, Vojtěch and Kompuš, Patrik and Dudáš, Marek and Nečaský, Martin and Klímek, Jakub},
  title = {Procurement notice enrichment using product ontologies},
  booktitle = {Proceedings of the 11\textsuperscript{th} International Conference on Semantic Systems},
  publisher = {{ACM}},
  pages = {200--203},
  year = {2015}
}

@article{jovanovic2016electronic,
  author = {Jovanovic, Jelena and Bagheri, Ebrahim},
  title = {Electronic commerce meets the semantic web},
  journal = {{IT} {P}rofessional},
  publisher= {{IEEE}},
  year = {2016},
  volume = {18},
  number = {4},
  pages = {56--65}
}

@article{svatek2016adapting,
  author = {Svátek, Vojtěch and Dudáš, Marek and Zamazal, Ondřej},
  title = {Adapting ontologies to best-practice artifacts using transformation patterns},
  subtitle = {Method, implementation and use cases},
  journal = {Web Semantics: Science, Services and Agents on the {World Wide Web}},
  publisher = {Elsevier},
  volume = {40},
  pages = {52--64},
  year = {2016}
}

@article{hitzler2016using,
  author = {Hitzler, Pascal},
  title = {Using {ODP}s for ontology transformation},
  journal = {Ontology Engineering with Ontology Design Patterns: Foundations and Applications},
  publisher = {{IOS} Press},
  year = {2016},
  volume = {25},
  pages = {245}
}

@inproceedings{ioannidis2016rudolf,
  author = {Ioannidis, Lazaros and Bratsas, Charalampos and Karabatakis, Sotiris and Filippidis, Panagiotis and Bamidis, Panagiotis},
  title = {Rudolf},
  subtitle = {An {HTTP} {API} for exposing semantically represented fiscal {OLAP} cubes},
  booktitle = {Proceedings of the 11\textsuperscript{th} International Workshop on Semantic and Social Media Adaptation and Personalization}, 
  publisher = {{IEEE}},
  year = {2016},
  pages = {177--182}
}

@inproceedings{koupidis2016fiscal,
  author = {Koupidis, Kleanthis and Bratsas, Charalampos and Karampatakis, Sotiris and Martzopoulou, Anastasia and Antoniou, Ioannis},
  title = {Fiscal knowledge discovery in municipalities of {A}thens and {T}hessaloniki via linked open data},
  booktitle = {Proceedings of the 11\textsuperscript{th} International Workshop on Semantic and Social Media Adaptation and Personalization}, 
  publisher = {{IEEE}},
  year = {2016},
  pages = {171--176}
}

@inproceedings{filippidis2016code,
  author = {Filippidis, Panagiotis-Marios and Karampatakis, Sotirios and Koupidis, Kleanthis and Ioannidis, Lazaros and Bratsas, Charalampos},
  title = {The code lists case},
  subtitle = {Identifying and linking the key parts of fiscal datasets},
  booktitle = {Proceedings of the 11\textsuperscript{th} International Workshop on Semantic and Social Media Adaptation and Personalization}, 
  publisher = {{IEEE}},
  year = {2016},
  pages = {165--170}
}

@inproceedings{futiacontrattipubblici,
  author = {Futia, Giuseppe and Morando, Federico and Melandri, Alessio and Canova, Lorenzo and Ruggiero, Francesco},
  title = {ContrattiPubblici.org},
  subtitle = {A semantic knowledge graph on public procurement information},
  booktitle = {Third Workshop on Legal Knowledge and the Semantic Web},
  year = {2016},
  url = {https://nexa.polito.it/nexacenterfiles/futia2016ContrattiPubblici.pdf}
}

@inproceedings{futia2017removing,
  author = {Futia, Giuseppe and Melandri, Alessio and Vetrò, Antonio and Morando, Federico and De Martin, Juan Carlos},
  title = {Removing barriers to transparency},
  subtitle = {A case study on the use of semantic technologies to tackle procurement data inconsistency},
  booktitle = {European Semantic Web Conference},
  publisher = {Springer},
  year = {2017},
  pages = {623--637}
}

@inproceedings{ristoski2015linked,
  author = {Ristoski, Petar and Paulheim, Heiko and Svátek, Vojtěch and Zeman, Václav},
  title = {The Linked Data Mining Challenge 2015},
  editor = {Völker, Johanna and Paulheim, Heiko and Lehmann, Jens and Sack, Harald and Svátek, Vojtěch},
  booktitle = {Proceedings of the 4\textsuperscript{th} {W}orkshop on {K}nowledge {D}iscovery and {D}ata {M}ining {M}eets {L}inked {O}pen {D}ata, co-located with 12\textsuperscript{th} {E}xtended {S}emantic {W}eb {C}onference},
  location = {Portorož, Slovenia},
  eventdate = {2015-05-31},
  year = {2015},
  url = {http://ceur-ws.org/Vol-1365/paper13.pdf}
}

@inproceedings{ristoski2016linked,
  author = {Ristoski, Petar and Paulheim, Heiko and Svátek, Vojtěch and Zeman, Václav},
  title = {The Linked Data Mining Challenge 2016},
  editor = {Paulheim, Heiko and Lehmann, Jens and Svátek, Vojtěch and Knoblock, Craig and Horridge, Matthew and Lambrix, Patrick and Parsia, Bijan},
  booktitle = {Joint Proceedings of the 5\textsuperscript{th} Workshop on Data Mining and Knowledge Discovery meets Linked Open Data and the 1\textsuperscript{st} International Workshop on Completing and Debugging the Semantic Web (Know@{LOD}-2016, {CoDeS}-2016), co-located with the 13\textsuperscript{th} {ESWC}},
  location = {Heraklion, Greece},
  eventdate = {2016-05-30},
  year = {2016},
  url = {http://ceur-ws.org/Vol-1586/ldmc1.pdf}
}

@inproceedings{delgadobm2lod,
  author = {Hidalgo-Delgado, Yusniel and Reyes-Álvarez, Liudmila and Leiva-Mederos, Amed and Roldán-García, María del Mar and Aldana-Montes, José F.},
  title = {{BM2LOD}},
  subtitle = {Platform for publishing bibliographic data as linked open data},
  booktitle = {Proceedings of 7\textsuperscript{th} {IADIS} International Conference on Information Systems},
  year = {2014}
}

@article{gabriel2017utilizaccao,
  author = {Gabriel Junior, Rene Faustino},
  title = {Utilização da Web Semântica e {RDF} em estudos métricos da informação},
  subtitle = {Aplicação na base Brapci},
  year = {2017}
}

@inproceedings{janev2012integrating,
  author = {Janev, Valentina and Milošević, Uroš and Spasić, Mirko and Vraneš, Sanja and Milojković, Jelena and Jireček, Branko},
  title = {Integrating {S}erbian public data into the {LOD} cloud},
  booktitle = {Proceedings of the 5\textsuperscript{th} {B}alkan Conference in Informatics},
  publisher = {{ACM}},
  year = {2012},
  pages = {94--99}
}

@incollection{nicoletti2018customer,
  author = {Nicoletti, Bernardo},
  title = {Customer relationships and agile procurement},
  booktitle = {Agile procurement},
  publisher = {Springer},
  year = {2018},
  pages = {73--111}
}

@article{nogales2016linking,
  author = {Nogales, Alberto and Sicilia, Miguel-Angel and Sánchez-Alonso, Salvador and Garcia-Barriocanal, Elena},
  title = {Linking from {S}chema.org microdata to the web of linked data},
  subtitle = {An empirical assessment},
  journal = {Computer Standards \& Interfaces},
  publisher = {Elsevier},
  year = {2016},
  volume = {45},
  pages = {90--99}
}

@incollection{vadasz2016identifying,
  author = {Vadász, Pál and Benczúr, András and Füzesi, Géza and Munk, Sándor},
  title = {Identifying illegal cartel activities from open sources},
  booktitle = {Open Source Intelligence Investigation},
  publisher = {Springer},
  year = {2016},
  pages = {251--273}
}

@phdthesis{sacramento2015approach,
  author = {Sacramento, Eveline Russo},
  title = {An approach for dealing with inconsistencies in data mashups},
  year = {2015},
  school = {{PUC}-Rio}
}

@article{bencherif2016effective,
  author = {Bencherif, Khayra and Malki, Mimoun},
  title = {An effective and time-efficient approach for linked data fusion using genetic algorithms},
  journal = {International Journal of Metadata, Semantics and Ontologies},
  publisher = {Inderscience Publishers},
  year = {2016},
  volume = {11},
  number = {2},
  pages = {110--123}
}

@inproceedings{van2016state,
  author = {Van Compernolle, Mathias and De Vocht, Laurens and Goedertier, Stijn and Loutas, Nikolaos and Verborgh, Ruben and Mannens, Erik and Mechant, Peter and Peristeras, Vassilios and Van de Walle, Rik},
  title = {State-of-the-art assessment on the implementations of international core data models for public administrations},
  booktitle = {Proceedings of the 9\textsuperscript{th} international conference on theory and practice of electronic governance},
  publisher = {{ACM}},
  year = {2016},
  pages = {327--337}
}
